<record><leader>00000cas a2200000 a 4500</leader><controlfield tag="001">12622009</controlfield><controlfield tag="008">851001d19691972ksuwr ne      0    0eng d</controlfield><controlfield tag="009">3789</controlfield><datafield ind1=" " ind2=" " tag="010"><subfield code="a">sn 85030832 </subfield></datafield><datafield ind1=" " ind2=" " tag="040"><subfield code="a">KSH</subfield><subfield code="b">eng</subfield><subfield code="c">KSH</subfield><subfield code="d">NPT</subfield><subfield code="d">DLC</subfield><subfield code="d">OCL</subfield></datafield><datafield ind1="1" ind2=" " tag="029"><subfield code="a">AU@</subfield><subfield code="b">000022173074</subfield></datafield><datafield ind1=" " ind2=" " tag="042"><subfield code="a">msc</subfield></datafield><datafield ind1="0" ind2="4" tag="245"><subfield code="a">The Prairie drummer.</subfield></datafield><datafield ind1="0" ind2="3" tag="246"><subfield code="a">Goodland prairie drummer</subfield><subfield code="f">Oct. 13, 1971-Aug. 31, 1972</subfield></datafield><datafield ind1=" " ind2=" " tag="260"><subfield code="a">Goodland, Kan. :</subfield><subfield code="b">Bill James,</subfield><subfield code="c">1969-1972.</subfield></datafield><datafield ind1=" " ind2=" " tag="300"><subfield code="a">4 v. :</subfield><subfield code="b">ill. ;</subfield><subfield code="c">39-57 cm.</subfield></datafield><datafield ind1=" " ind2=" " tag="310"><subfield code="a">Weekly</subfield></datafield><datafield ind1="0" ind2=" " tag="362"><subfield code="a">Vol. 1, no. 1 (Jan. 2, 1969) ; v. 8, no. 2 (Jan. 9, 1969)-v. 11, no. 36 (Aug. 31, 1972).</subfield></datafield><datafield ind1=" " ind2=" " tag="525"><subfield code="a">Issue for Oct. 6, 1971 includes 4-H supplement.</subfield></datafield><datafield ind1=" " ind2=" " tag="752"><subfield code="a">United States</subfield><subfield code="b">Kansas</subfield><subfield code="c">Sherman</subfield><subfield code="d">Goodland.</subfield></datafield><datafield ind1="0" ind2="4" tag="785"><subfield code="t">Prairie drummer (Colby, Kan.)</subfield><subfield code="w">(DLC)sn 85032809</subfield></datafield></record>